% Encoding: UTF-8

@Electronic{,
  author   = {N. Plitea, R. Benea y M. Giordano},
  year     = {(1994)},
  title    = {6-RKS: An Architecture for a 6 d. o.f. Fully-Parallel Robot Manipulator},
  language = {ingles},
  url      = {https://www.academia.edu/18386147/APLICACIONES_DE_LOS_MANIPULADORES_PARALELOS_CON_ACTUADORES_GIRATORIOS_X-RKS_},
}

@Comment{jabref-meta: databaseType:bibtex;}
